@book{bib:visioli,
author = "Visioli, Antonio",
note = "Edited by M.J. Grimble and M.A. Johnson",
title = "{Practical PID Control}",
series = "Advances in industrial control (AIC)",
publisher = "Springer-Verlag London Limited",
year = "2006"
}

@inbook{bib:hand_rate,
author = "Santina, Michael and Stubberud, Allen R.",
note = "Edited by W.S. Levine",
title = "{The Control Handbook, Control System Fundamentals}",
chapter = "15. Sample-Rate Selection", 
edition = "2",
publisher = "CRC Press, imprint of Taylor \& Francis Group, LLC",
year = "2011"
}

@article{bib:timecrit_piqtek,
author = "Piqtek, Pawet and  Grega, Wojciech",
title = "Speed analysis of a digital controller in time critical applications",
journal = "Journal of Automation, Mobile Robotics \& Intelligent Systems",
volume = "3",
pages = "57-61",
year = "2009"
}

@manual{bib:s3esk_ug,
title = "Spartan-3E Starter Kit Board, User Guide",
organization = "Xilinx, Inc.",
month = "March",
year = "2006"
}

@misc{bib:dsd0809,
author = "Martinez Corral, Unai and Martin Uribarri, Aitor",
title = "{Ordenagailu-Haizagailuak Kontrolatu eta Ikusteko Sistema (OHKIS)}",
howpublished = "Eragingailu Logiko Programagarriak Dituzten Sistema Digitalak - Bilboko IITUE - UPV/EHU",
month = "June",
year = "2009"
}
